
@inproceedings{pratt_action_1990,
	series = {{LNCS}},
	title = {Action Logic and Pure Induction},
	volume = {478},
	booktitle = {{JELIA} '90},
	publisher = {Springer},
	author = {Pratt, V. R.},
	editor = {van Eijck, J.},
	year = {1990},
	pages = {97{\textendash}120}
}